@Article{LAMMPS,
  author = "A. P. Thompson and H. M. Aktulga and R. Berger and
     D. S. Bolintineanu and W. M. Brown and P. S. Crozier and
     P. J. in 't Veld and A. Kohlmeyer and S. G. Moore and T. D. Nguyen and
     R. Shan and M. J. Stevens and J. Tranchida and C. Trott and S. J. Plimpton",
  title = "{LAMMPS} - a flexible simulation tool for
     particle-based materials modeling at the
     atomic, meso, and continuum scales",
  journal = "Comp. Phys. Comm.",
  volume =  "271",
  pages =   "108171",
  year =    "2022",
  doi = "10.1016/j.cpc.2021.108171"
}
@misc{1410.1748,
   Author = {Taweetham Limpanuparb and Josh Milthorpe},
   Title = {Associated Legendre Polynomials and Spherical Harmonics Computation for Chemistry Applications},
   Year = {2014},
   Eprint = {arXiv:1410.1748},
   Howpublished = {Proceedings of The 40th Congress on Science and Technology of
   Thailand; 2014 Dec 2-4, Khon Kaen, Thailand. Bangkok: Science Society of
   Thailand; 2014. P. 233-241},
}
